% This file was created with JabRef 2.10b2.
% Encoding: Cp1252


@Electronic{freight_boing,
  Title                    = {Three-Class Seating Long-Range Rules},
  Author                   = {Boeing staff},
  Language                 = {Enflish},
  Organization             = {Boeing},
  Url                      = {http://www.boeing.com/boeing/commercial/747family/pf/pf_seating_charts.page},

  Owner                    = {AndersBærbar},
  Timestamp                = {2014.02.28}
}

@Electronic{cate_SASIndri,
  Title                    = {Rejser i Danmark},
  Author                   = {SAS staff},
  Language                 = {Danish},
  Organization             = {SAS},
  Url                      = {http://www.sas.dk/alt-om-rejsen/ombord/indenrigs/},

  Owner                    = {AndersBærbar},
  Timestamp                = {2014.02.25}
}

@Electronic{cate_SASscanda,
  Title                    = {Rejser i Skandinavien og Europa},
  Author                   = {SAS staff},
  Language                 = {danish},
  Organization             = {SAS},
  Url                      = {http://www.sas.dk/alt-om-rejsen/ombord/rejser-i-skandinavien/},

  Owner                    = {AndersBærbar},
  Timestamp                = {2014.02.25}
}

@Electronic{cate_SASGourmet,
  Title                    = {Gate Gourmet forlænger med SAS},
  Author                   = {Stand By staff},
  Language                 = {Danish},
  Month                    = {6},
  Organization             = {Stand By},
  Url                      = {http://www.standby.dk/gate-gourmet-forl-nger-med-sas/},
  Year                     = {2011},

  Owner                    = {AndersBærbar},
  Timestamp                = {2014.02.25}
}

@Electronic{AvoidP_TenStep,
  Title                    = {Contact TenStep},
  Author                   = {TenStep staff},
  Language                 = {English},
  Organization             = {TenStep},
  Url                      = {http://www.tenstep.com/open/miscpages/90.11ContactTenStep.html},

  Owner                    = {AndersBærbar},
  Timestamp                = {2014.02.26}
}

@Standard{Bossenbroek2010,
  Title                    = {AIRCRAFT GROUND HANDLING AND HUMAN FACTORS},
  Institution              = {NLR Air Transport Safety Institute},
  Organization             = {Directorate General of Civil Aviation of the Netherlands/
European Commercial Aviation Safety Team},
  Author                   = {A.D. Balk
J.W. Bossenbroek},
  Month                    = {April},
  Year                     = {2010},

  Owner                    = {heider},
  Timestamp                = {2014.03.18}
}

@Electronic{cate_pilotfood2,
  Title                    = {Napping Pilots: A Good Thing},
  Author                   = {Chris Cooke},
  Language                 = {English},
  Month                    = {June},
  Organization             = {Executive Travel},
  Url                      = {http://www.executivetravelmagazine.com/articles/napping-pilots-a-good-thing},
  Year                     = {2011},

  Owner                    = {AndersBærbar},
  Timestamp                = {2014.02.25}
}

@Standard{GAGNE,
  Title                    = {Self-determination theory and work motivation},
  Institution              = {Department of Management, John Molson School of Business, Concordia University,
Montreal, Quebec, Canada
Department of Clinical and Social Sciences in Psychology, University of Rochester, Rochester,
New York, U.S.A.},
  Organization             = {Wiley InterScience},
  Author                   = {MARYLE'NE GAGNE' AND EDWARD L. DECI},
  Year                     = {2005},

  Owner                    = {heider},
  Timestamp                = {2014.03.18}
}

@Standard{HACKMAN,
  Title                    = {Motivation through the Design of Work: Test of a Theory},
  Institution              = {Yale University
University of lllinois},
  Organization             = {Academic Press, Inc.},
  Author                   = {]. RICHARD HACKMAN AND GREG R. OLDHAM},
  Year                     = {1976},

  Owner                    = {heider},
  Timestamp                = {2014.03.18}
}

@Electronic{cate_pilotfood1,
  Title                    = {THE DIETS OF PILOTS},
  Author                   = {Jesse},
  Language                 = {English},
  Month                    = {JANUARY},
  Organization             = {AIRTRANSPARENCY},
  Url                      = {http://www.airtransparency.com/airtransparency/2012/1/19/the-diets-of-pilots.html},
  Year                     = {2012},

  Owner                    = {AndersBærbar},
  Timestamp                = {2014.02.25}
}

@Electronic{Algo_lobe,
  Title                    = {Aircraft lower lobe sleeping compartment},
  Author                   = {Marlyn E. Kyle and Mithra M. K. V. Sankrithi},
  Language                 = {English and Danish},
  Month                    = {November},
  Note                     = {US6152400 A},
  Organization             = {The Boeing Company},
  Url                      = {https://www.google.com/patents/US6152400},
  Year                     = {2000},

  Owner                    = {AndersBærbar},
  Timestamp                = {2014.02.24}
}

@Electronic{AvoidP_PoorP,
  Title                    = {Poor planning is project management mistake number one},
  Author                   = {Tom Mochal},
  Language                 = {English},
  Month                    = {March},
  Organization             = {techrepublic},
  Url                      = {http://www.techrepublic.com/article/poor-planning-is-project-management-mistake-number-one/},
  Year                     = {2003},

  Owner                    = {AndersBærbar},
  Timestamp                = {2014.02.26}
}

@Book{cate_BookSection,
  Title                    = {The SAGE Handbook of Hospitality Managemen},
  Author                   = {Roy C Wood and Bob Brotherton},
  Editor                   = {Roy C Wood and Bob Brotherton},
  Publisher                = {SAGE Publications Ltd},
  Year                     = {2008},
  Note                     = {Faculty of Business, Economics and Law},

  Abstract                 = {At last, a comprehensive, systematically organized Handbook which gives a reliable and critical guide to all aspects of one of the world's leading industries: the hospitality industry. The book focuses on key aspects of the hospitality management curriculum, research and practice bringing together leading scholars throughout the world. Each essay examines a theme or functional aspect of hospitality management and offers a critical overview of the principle ideas and issues that have contributed, and continue to contribute, within i},
  Owner                    = {AndersBærbar},
  Pages                    = {576},
  Timestamp                = {2014.02.25},
  Url                      = {http://books.google.dk/books?id=MF6x6G_i9BkC&pg=PA501&lpg=PA501&dq=Flight+Catering+In+Handbook+of+Hospitality+Research&source=bl&ots=id0-lmMyqj&sig=vgYIdZ3fgT_YLOdZE6lSJbmwM9M&hl=da&sa=X&ei=kmYMU4vGKYrK0QXX2YCQDQ&ved=0CC4Q6AEwAA#v=onepage&q&f=false}
}

