@misc{sas_tech_mechanic,
    title = {Flymekanikerl√¶rling},
    url = {http://www.saselev.dk/flymekanikerelev/},
    note = "Bes√∏gt Februar 2014"
},
@misc{cnet_boeing_app,
    title = {Boeing launches airplane maintenance iPad apps},
    url = {http://news.cnet.com/8301-10797_3-57604308-235/boeing-launches-airplane-maintenance-ipad-apps/},
    note = "Bes√∏gt Februar 2014"
},

@ELECTRONIC{Algo_lobe,
  author = {Marlyn E. Kyle and Mithra M. K. V. Sankrithi},
  month = {November},
  year = {2000},
  title = {Aircraft lower lobe sleeping compartment},
  language = {English and Danish},
  organization = {The Boeing Company},
  note = {US6152400 A},
  url = {https://www.google.com/patents/US6152400},
  owner = {AndersBÊrbar},
  timestamp = {2014.02.24}
}